<record><leader>00000cas a22000007a 4500</leader><controlfield tag="001">13878280</controlfield><controlfield tag="008">860716d18931963nyuwr ne      0    0eng d</controlfield><datafield ind1=" " ind2=" " tag="010"><subfield code="a">sn 85036135 </subfield></datafield><datafield ind1=" " ind2=" " tag="040"><subfield code="a">NPA</subfield><subfield code="b">eng</subfield><subfield code="c">NPA</subfield><subfield code="d">NYG</subfield><subfield code="d">NYS</subfield><subfield code="d">OCLCQ</subfield></datafield><datafield ind1=" " ind2=" " tag="042"><subfield code="a">msc</subfield></datafield><datafield ind1="0" ind2="4" tag="245"><subfield code="a">The Rockland County leader.</subfield></datafield><datafield ind1="3" ind2="0" tag="246"><subfield code="a">Rockland leader</subfield></datafield><datafield ind1=" " ind2=" " tag="260"><subfield code="a">Spring Valley, N.Y. :</subfield><subfield code="b">Randolph and Sherwood,</subfield><subfield code="c">-1963.</subfield></datafield><datafield ind1=" " ind2=" " tag="300"><subfield code="a">71 v. :</subfield><subfield code="b">ill. ;</subfield><subfield code="c">46-56 cm.</subfield></datafield><datafield ind1=" " ind2=" " tag="310"><subfield code="a">Weekly</subfield></datafield><datafield ind1="1" ind2=" " tag="362"><subfield code="a">Began with Jan. 5, 1893 issue.</subfield><subfield code="z">Cf. Gregory, W. Amer. newspapers.</subfield></datafield><datafield ind1="0" ind2=" " tag="362"><subfield code="a">-v. 71, no. 51 (Dec. 19, 1963).</subfield></datafield><datafield ind1=" " ind2=" " tag="500"><subfield code="a">"County" appears within masthead ornament.</subfield></datafield><datafield ind1=" " ind2=" " tag="500"><subfield code="a">Published by William R. Sherwood, W.L. Sherwood, and E.G. Sherwood, &lt;1937&gt;.</subfield></datafield><datafield ind1=" " ind2=" " tag="588"><subfield code="a">Description based on: Vol. 1, no. 12 (Mar. 23, 1893).</subfield></datafield><datafield ind1=" " ind2="4" tag="651"><subfield code="a">Spring Valley (N.Y.)</subfield><subfield code="v">Newspapers.</subfield></datafield><datafield ind1=" " ind2=" " tag="752"><subfield code="a">United States</subfield><subfield code="b">New York</subfield><subfield code="c">Rockland</subfield><subfield code="d">Spring Valley.</subfield></datafield><datafield ind1="0" ind2="7" tag="785"><subfield code="t">Orangetown telegram and the Pearl River searchlight</subfield><subfield code="w">(DLC)sn 88075855</subfield><subfield code="w">(OCoLC)18956661</subfield></datafield><datafield ind1="0" ind2="7" tag="785"><subfield code="t">Rockland County leader and Orangetown telegram</subfield><subfield code="w">(DLC)sn 91067013</subfield><subfield code="w">(OCoLC)24707793</subfield></datafield><datafield ind1="1" ind2=" " tag="029"><subfield code="a">AU@</subfield><subfield code="b">000023525980</subfield></datafield></record>